{"btc_usd":[{"type":"ask","price":40450.5,"amount":0.0001,"tid":205271263,"timestamp":1651247320},{"type":"ask","price":40450.5,"amount":0.00010032,"tid":205271262,"timestamp":1651246872},{"type":"bid","price":40650.09994,"amount":0.001,"tid":205271261,"timestamp":1651246590},{"type":"bid","price":40693.91952217,"amount":0.01255098,"tid":205271260,"timestamp":1651246547},{"type":"bid","price":40652.15765416,"amount":0.00010876,"tid":205271259,"timestamp":1651246547},{"type":"bid","price":40650.238635,"amount":0.00010876,"tid":205271258,"timestamp":1651246547},{"type":"bid","price":40650.238625,"amount":0.00309751,"tid":205271257,"timestamp":1651246547},{"type":"bid","price":40650.2,"amount":0.0003,"tid":205271256,"timestamp":1651246547},{"type":"bid","price":40589.38484117,"amount":0.00010876,"tid":205271255,"timestamp":1651246547},{"type":"bid","price":40569.10000723,"amount":0.00010876,"tid":205271254,"timestamp":1651246506},{"type":"bid","price":40545.00030137,"amount":0.00010876,"tid":205271253,"timestamp":1651246485},{"type":"bid","price":40493.10937606,"amount":0.00084388,"tid":205271252,"timestamp":1651246462},{"type":"bid","price":40450.47895793,"amount":0.00040125,"tid":205271251,"timestamp":1651246338},{"type":"bid","price":40450.47895793,"amount":0.00016717,"tid":205271250,"timestamp":1651246280},{"type":"bid","price":40450.47895793,"amount":0.00016273,"tid":205271249,"timestamp":1651246275},{"type":"bid","price":40450.47895793,"amount":0.00011273,"tid":205271248,"timestamp":1651246272},{"type":"bid","price":40441.4,"amount":0.00001436,"tid":205271247,"timestamp":1651246272},{"type":"ask","price":40289,"amount":0.00012437,"tid":205271246,"timestamp":1651244989},{"type":"bid","price":40441.4,"amount":0.00012295,"tid":205271245,"timestamp":1651244247},{"type":"bid","price":40441.3,"amount":0.00012295,"tid":205271244,"timestamp":1651244241},{"type":"bid","price":40441.3,"amount":0.00010811,"tid":205271243,"timestamp":1651244216},{"type":"bid","price":40425.84716893,"amount":0.00345771,"tid":205271242,"timestamp":1651244018},{"type":"bid","price":40425.84722893,"amount":0.00011432,"tid":205271241,"timestamp":1651243987},{"type":"bid","price":40425.8,"amount":0.00010172,"tid":205271240,"timestamp":1651243984},{"type":"bid","price":40425.8,"amount":0.00019828,"tid":205271239,"timestamp":1651243981},{"type":"ask","price":40012.54805082,"amount":0.00438405,"tid":205271238,"timestamp":1651243862},{"type":"ask","price":40012.54805082,"amount":0.01176802,"tid":205271237,"timestamp":1651243862},{"type":"ask","price":40092.73306571,"amount":0.00057786,"tid":205271236,"timestamp":1651243862},{"type":"ask","price":40177.31786147,"amount":0.00013731,"tid":205271235,"timestamp":1651243862},{"type":"ask","price":40187.76340001,"amount":0.00020189,"tid":205271234,"timestamp":1651243862},{"type":"bid","price":40187.8,"amount":0.000127,"tid":205271233,"timestamp":1651243842},{"type":"bid","price":40187.8,"amount":0.00019813,"tid":205271232,"timestamp":1651243840},{"type":"ask","price":40187.8,"amount":0.0003,"tid":205271231,"timestamp":1651243837},{"type":"bid","price":40505.3,"amount":0.00012353,"tid":205271230,"timestamp":1651243632},{"type":"ask","price":40268.20319435,"amount":0.00057006,"tid":205271229,"timestamp":1651243563},{"type":"ask","price":40268.4,"amount":0.00010044,"tid":205271228,"timestamp":1651243563},{"type":"ask","price":40268.5,"amount":0.00010581,"tid":205271227,"timestamp":1651243357},{"type":"bid","price":40268.6,"amount":0.00023255,"tid":205271226,"timestamp":1651243031},{"type":"ask","price":40268.6,"amount":0.00010645,"tid":205271225,"timestamp":1651243006},{"type":"ask","price":40268.6,"amount":0.0003,"tid":205271224,"timestamp":1651243006},{"type":"bid","price":40507.8,"amount":0.00025047,"tid":205271223,"timestamp":1651242864},{"type":"bid","price":40609.9,"amount":0.00025975,"tid":205271222,"timestamp":1651241860},{"type":"ask","price":40629.84568948,"amount":0.00016819,"tid":205271221,"timestamp":1651241793},{"type":"ask","price":40629.84568949,"amount":0.0001714,"tid":205271220,"timestamp":1651241793},{"type":"ask","price":40629.84568949,"amount":0.00102908,"tid":205271219,"timestamp":1651241706},{"type":"bid","price":40722.87296554,"amount":0.01151481,"tid":205271218,"timestamp":1651241343},{"type":"ask","price":40605.63572603,"amount":0.00039,"tid":205271217,"timestamp":1651241134},{"type":"bid","price":40597.51622278,"amount":0.00014827,"tid":205271216,"timestamp":1651241129},{"type":"ask","price":40597.51622278,"amount":0.0000609,"tid":205271215,"timestamp":1651241118},{"type":"ask","price":40597.51622278,"amount":0.00115702,"tid":205271214,"timestamp":1651241117},{"type":"ask","price":40597.51622278,"amount":0.00015234,"tid":205271213,"timestamp":1651241104},{"type":"bid","price":40770.29987,"amount":0.01858089,"tid":205271212,"timestamp":1651241074},{"type":"bid","price":40770.29989,"amount":0.00005892,"tid":205271211,"timestamp":1651241068},{"type":"bid","price":40770.29989,"amount":0.00402136,"tid":205271210,"timestamp":1651241068},{"type":"bid","price":40770.29989,"amount":0.01695377,"tid":205271209,"timestamp":1651241066},{"type":"bid","price":40690.41836992,"amount":0.00010946,"tid":205271208,"timestamp":1651241065},{"type":"bid","price":40688.7,"amount":0.00010535,"tid":205271207,"timestamp":1651241058},{"type":"bid","price":40688.7,"amount":0.00010472,"tid":205271206,"timestamp":1651241058},{"type":"bid","price":40556.04026339,"amount":0.00039765,"tid":205271205,"timestamp":1651241021},{"type":"bid","price":40556.04026339,"amount":0.00014488,"tid":205271204,"timestamp":1651241019},{"type":"bid","price":40556.04026339,"amount":0.00010854,"tid":205271203,"timestamp":1651241019},{"type":"bid","price":40524.74271523,"amount":0.00010854,"tid":205271202,"timestamp":1651241019},{"type":"bid","price":40441.4,"amount":0.00000055,"tid":205271201,"timestamp":1651241019},{"type":"bid","price":40441.4,"amount":0.00013697,"tid":205271200,"timestamp":1651240994},{"type":"ask","price":40000.10012,"amount":0.00054253,"tid":205271199,"timestamp":1651240574},{"type":"ask","price":40258.84716463,"amount":0.00011,"tid":205271198,"timestamp":1651240246},{"type":"ask","price":40250.24890071,"amount":0.00017297,"tid":205271197,"timestamp":1651239829},{"type":"ask","price":40000,"amount":0.04279063,"tid":205271196,"timestamp":1651239451},{"type":"ask","price":40000,"amount":0.00939008,"tid":205271195,"timestamp":1651239451},{"type":"ask","price":40000,"amount":0.000101,"tid":205271194,"timestamp":1651239451},{"type":"ask","price":40000,"amount":0.00085122,"tid":205271193,"timestamp":1651239451},{"type":"ask","price":40000.00000001,"amount":0.00012499,"tid":205271192,"timestamp":1651239451},{"type":"ask","price":40000.00000002,"amount":0.0003,"tid":205271191,"timestamp":1651239450},{"type":"ask","price":40000.00001111,"amount":0.0001,"tid":205271190,"timestamp":1651239450},{"type":"ask","price":40000.8,"amount":0.00012499,"tid":205271189,"timestamp":1651239450},{"type":"ask","price":40297.60001,"amount":0.02086638,"tid":205271188,"timestamp":1651239450},{"type":"ask","price":40000.8,"amount":0.00061377,"tid":205271187,"timestamp":1651239450},{"type":"ask","price":40001,"amount":0.00084497,"tid":205271186,"timestamp":1651239450},{"type":"ask","price":40001,"amount":0.01926208,"tid":205271185,"timestamp":1651239450},{"type":"ask","price":40001.000001,"amount":0.00049998,"tid":205271184,"timestamp":1651239450},{"type":"ask","price":40002,"amount":0.00319259,"tid":205271183,"timestamp":1651239450},{"type":"ask","price":40100,"amount":0.01,"tid":205271182,"timestamp":1651239450},{"type":"ask","price":40101.000001,"amount":0.00049874,"tid":205271181,"timestamp":1651239450},{"type":"ask","price":40177,"amount":0.00012857,"tid":205271180,"timestamp":1651239450},{"type":"ask","price":40177.000077,"amount":0.00097149,"tid":205271179,"timestamp":1651239450},{"type":"ask","price":40177.31786147,"amount":0.00013752,"tid":205271178,"timestamp":1651239450},{"type":"ask","price":40187.8975044,"amount":0.0002793,"tid":205271177,"timestamp":1651239450},{"type":"ask","price":40273.08515755,"amount":0.00056577,"tid":205271176,"timestamp":1651239450},{"type":"ask","price":40279.95674757,"amount":0.00158153,"tid":205271175,"timestamp":1651239449},{"type":"ask","price":40297.53067426,"amount":0.00026884,"tid":205271174,"timestamp":1651239449},{"type":"ask","price":40297.53067426,"amount":0.00055559,"tid":205271173,"timestamp":1651239449},{"type":"ask","price":40297.53067426,"amount":0.00055559,"tid":205271172,"timestamp":1651239449},{"type":"ask","price":40297.6,"amount":0.0003,"tid":205271171,"timestamp":1651239449},{"type":"ask","price":40386.86796607,"amount":0.01133887,"tid":205271170,"timestamp":1651239449},{"type":"bid","price":40688.79999,"amount":0.00970114,"tid":205271169,"timestamp":1651239348},{"type":"bid","price":40688.7,"amount":0.0003,"tid":205271168,"timestamp":1651239348},{"type":"bid","price":40688.89995,"amount":0.00090769,"tid":205271167,"timestamp":1651239282},{"type":"bid","price":40688.89994,"amount":0.00278036,"tid":205271166,"timestamp":1651239282},{"type":"bid","price":40503.81559219,"amount":0.00030075,"tid":205271165,"timestamp":1651239282},{"type":"bid","price":40503.81559219,"amount":0.00055809,"tid":205271164,"timestamp":1651239266},{"type":"bid","price":40491.12852834,"amount":0.00010647,"tid":205271163,"timestamp":1651239266},{"type":"bid","price":40473.83929619,"amount":0.0001004,"tid":205271162,"timestamp":1651239266},{"type":"bid","price":40469.1492746,"amount":0.00010283,"tid":205271161,"timestamp":1651239266},{"type":"bid","price":40459.04382327,"amount":0.00085884,"tid":205271160,"timestamp":1651239266},{"type":"bid","price":40441.4,"amount":0.00091876,"tid":205271159,"timestamp":1651238874},{"type":"bid","price":40441.39946,"amount":0.00023667,"tid":205271158,"timestamp":1651238874},{"type":"ask","price":40297.53067427,"amount":0.0001,"tid":205271157,"timestamp":1651237765},{"type":"ask","price":40297.53068427,"amount":0.0003238,"tid":205271156,"timestamp":1651236175},{"type":"ask","price":40297.53068427,"amount":0.00245656,"tid":205271155,"timestamp":1651236031},{"type":"bid","price":40441.4,"amount":0.00899022,"tid":205271153,"timestamp":1651234814},{"type":"bid","price":40441.4,"amount":0.00013717,"tid":205271152,"timestamp":1651234814},{"type":"bid","price":40393.24997823,"amount":0.00084172,"tid":205271151,"timestamp":1651234814},{"type":"bid","price":40349.99999999,"amount":0.00070753,"tid":205271150,"timestamp":1651234814},{"type":"bid","price":40349.99999999,"amount":0.00013419,"tid":205271149,"timestamp":1651234727},{"type":"bid","price":40297.53067426,"amount":0.00011308,"tid":205271148,"timestamp":1651234458},{"type":"ask","price":40297.53107724,"amount":0.00006692,"tid":205271147,"timestamp":1651234142},{"type":"ask","price":40297.53107724,"amount":0.00021206,"tid":205271146,"timestamp":1651234141},{"type":"ask","price":40297.53107724,"amount":0.00010609,"tid":205271145,"timestamp":1651234117},{"type":"bid","price":40300,"amount":0.00251919,"tid":205271144,"timestamp":1651233922},{"type":"bid","price":40349.99996999,"amount":0.00074201,"tid":205271143,"timestamp":1651233876},{"type":"bid","price":40349.99995999,"amount":0.00261511,"tid":205271142,"timestamp":1651233740},{"type":"bid","price":40349.99995999,"amount":0.00074201,"tid":205271141,"timestamp":1651233739},{"type":"bid","price":40399.9,"amount":0.00023897,"tid":205271140,"timestamp":1651232216},{"type":"ask","price":40177.000077,"amount":0.00012366,"tid":205271139,"timestamp":1651231751},{"type":"ask","price":40177.000087,"amount":0.00136259,"tid":205271138,"timestamp":1651231524},{"type":"bid","price":40441.2,"amount":0.00005944,"tid":205271137,"timestamp":1651230844},{"type":"bid","price":40177.31786147,"amount":0.00005478,"tid":205271136,"timestamp":1651230844},{"type":"bid","price":40177.31786147,"amount":0.00013156,"tid":205271135,"timestamp":1651230834},{"type":"bid","price":40177.31786147,"amount":0.00022188,"tid":205271134,"timestamp":1651230384},{"type":"bid","price":40177.31786147,"amount":0.00024622,"tid":205271133,"timestamp":1651230242},{"type":"ask","price":40177.31786147,"amount":0.00013717,"tid":205271132,"timestamp":1651230241},{"type":"bid","price":40299,"amount":0.00012382,"tid":205271131,"timestamp":1651229744},{"type":"ask","price":40299,"amount":0.00010256,"tid":205271130,"timestamp":1651229723},{"type":"ask","price":40348.29513923,"amount":0.00027242,"tid":205271129,"timestamp":1651229700},{"type":"ask","price":40440.79293835,"amount":0.00007292,"tid":205271128,"timestamp":1651229637},{"type":"ask","price":40440.79293835,"amount":0.00010621,"tid":205271127,"timestamp":1651229442},{"type":"ask","price":40457.69309686,"amount":0.00020044,"tid":205271126,"timestamp":1651229324},{"type":"ask","price":40457.83819541,"amount":0.00046656,"tid":205271125,"timestamp":1651229324},{"type":"ask","price":40500,"amount":0.00032546,"tid":205271124,"timestamp":1651229324},{"type":"ask","price":40500,"amount":0.000101,"tid":205271123,"timestamp":1651229324},{"type":"ask","price":40518.13586465,"amount":0.00208844,"tid":205271122,"timestamp":1651229324},{"type":"ask","price":40579.06616616,"amount":0.0008,"tid":205271121,"timestamp":1651229282},{"type":"bid","price":40602.71144766,"amount":0.01242817,"tid":205271120,"timestamp":1651227491},{"type":"bid","price":40602.71144766,"amount":0.0001845,"tid":205271119,"timestamp":1651227486},{"type":"bid","price":40602.71144766,"amount":0.0006354,"tid":205271118,"timestamp":1651227475},{"type":"bid","price":40602.71144766,"amount":0.00302849,"tid":205271117,"timestamp":1651227474},{"type":"ask","price":40602.71144766,"amount":0.00010022,"tid":205271116,"timestamp":1651227473},{"type":"ask","price":40602.71144766,"amount":0.00018837,"tid":205271115,"timestamp":1651227473},{"type":"bid","price":40678.33404307,"amount":0.00057345,"tid":205271114,"timestamp":1651227431},{"type":"bid","price":40678.33404306,"amount":0.00076704,"tid":205271113,"timestamp":1651227427}]}